@ARTICLE{san12,
author = {Sánchez Mayorga, Ximena  Millán Solarte, Julio César },
title = {Medición del riesgo de liquidez. Una aplicación en el sector cooperativo },
year = {2012 }, 
journal = {Entramado },
keywords = {Riesgo;  brechas de liquidez;  Gestión de Activos y Pasivos (GAP);  exposición significativa.; Risk;  liquidity gap;  Asset & Liability Management (GAP);  significant exposure.; Risco;  gaps de liquidez;  Gestão de Ativos e Passivos (GAP);  exposição significativa. },
issn = {1900-3803 },
language = {Español},
url = {https://www.redalyc.org/articulo.oa?id=265424601007 },
abstract = {Esta investigación presenta los resultados del análisis sobre riesgo de liquidez realizada a una entidad del sector cooperativo en Colombia, el modelo empleado fue el de brechas de liquidez propuesto por la Superintendencia de la Economía Solidaria. Se utilizó la metodología de Gestión de Activos y Pasivos (GAP); se logró establecer el manejo que empleará la entidad para cumplir sus obligaciones contractuales y la no presencia de exposición significativa al riesgo de liquidez.}}


@mastersthesis{mu2021,
    author = {Dimitri Muñoz},
    title = {Efectos de los riesgos de liquidez de la economía ecuatoriana en los
activos y pasivos financieros de la banca pública y privada, periodo
2009-2018},
    school = {Pontificia Universidad Católica del Ecuador, Quito},
    year = {2021}
}

@misc{sor2022,
  title={Un problema en Econof{\'\i}sica: Predicci{\'o}n de activos financieros mediante el Movimiento Browniano Geom{\'e}trico, dentro del mercado burs{\'a}til},
  author={Soriano, Angello and Loro, Hector},
  year={2022},
  publisher={Lima: Universidad Nacional de Ingenier{\'\i}a}
}

@article{apaza2017,
  title={Determinantes de la cartera de cr{\'e}ditos de la Cooperativa Prestaperu (Arequipa) y los mayores niveles activos totales (crecimiento de los dep{\'o}sitos y patrimonio) en el periodo 2006-2015},
  author={Apaza Quiso, Natividad},
  year={2017},
  publisher={Universidad Jos{\'e} Carlos Mari{\'a}tegui}
}

@inproceedings{chen2016,
author = {Chen, Tianqi and Guestrin, Carlos},
title = {XGBoost: A Scalable Tree Boosting System},
year = {2016},
isbn = {9781450342322},
publisher = {Association for Computing Machinery},
address = {New York, NY, USA},
url = {https://doi.org/10.1145/2939672.2939785},
doi = {10.1145/2939672.2939785},
abstract = {Tree boosting is a highly effective and widely used machine learning method. In this paper, we describe a scalable end-to-end tree boosting system called XGBoost, which is used widely by data scientists to achieve state-of-the-art results on many machine learning challenges. We propose a novel sparsity-aware algorithm for sparse data and weighted quantile sketch for approximate tree learning. More importantly, we provide insights on cache access patterns, data compression and sharding to build a scalable tree boosting system. By combining these insights, XGBoost scales beyond billions of examples using far fewer resources than existing systems.},
booktitle = {Proceedings of the 22nd ACM SIGKDD International Conference on Knowledge Discovery and Data Mining},
pages = {785–794},
numpages = {10},
keywords = {large-scale machine learning},
location = {San Francisco, California, USA},
series = {KDD '16}
}

@article{zuñ2020,
  title={Aplicación de algoritmos Random Forest y XGBoost en una base de solicitudes de tarjetas de crédito},
  author={Espinoza Zúñiga, Javier Jesús},
  year={2020},
  publisher={Ingeniería Investigación y Tecnología}
}

@mastersthesis{romero2015,
    author = {Romero Correa, Víctor Hugo},
    title = {Implementación de modelo para pronosticar variables en cooperativas: caso de Cobelén con cartera de créditos},
    school = {Universidad EAFIT, Escuela de Economía y Finanzas, Medellín},
    year = {2015}
}

@mastersthesis{duque2012,
    author = {Duque Chávez, Verónica},
    title = {Análisis, evolución y proyección del sector cooperativo controlado por la Superintendencia de Bancos y Seguros en el Ecuador en el período comprendido 2002 - 2009},
    school = {Universidad Andina Simón Bolívar, Sede Ecuador},
    year = {2012}
}