@ARTICLE{san12,
author = {Sánchez Mayorga, Ximena  Millán Solarte, Julio César },
title = {Medición del riesgo de liquidez. Una aplicación en el sector cooperativo },
year = {2012 }, 
journal = {Entramado },
keywords = {Riesgo;  brechas de liquidez;  Gestión de Activos y Pasivos (GAP);  exposición significativa.; Risk;  liquidity gap;  Asset & Liability Management (GAP);  significant exposure.; Risco;  gaps de liquidez;  Gestão de Ativos e Passivos (GAP);  exposição significativa. },
issn = {1900-3803 },
language = {Español},
url = {https://www.redalyc.org/articulo.oa?id=265424601007 },
abstract = {Esta investigación presenta los resultados del análisis sobre riesgo de liquidez realizada a una entidad del sector cooperativo en Colombia, el modelo empleado fue el de brechas de liquidez propuesto por la Superintendencia de la Economía Solidaria. Se utilizó la metodología de Gestión de Activos y Pasivos (GAP); se logró establecer el manejo que empleará la entidad para cumplir sus obligaciones contractuales y la no presencia de exposición significativa al riesgo de liquidez.}}


@mastersthesis{mu2021,
    author = {Dimitri Muñoz},
    title = {Efectos de los riesgos de liquidez de la economía ecuatoriana en los
activos y pasivos financieros de la banca pública y privada, periodo
2009-2018},
    school = {Pontificia Universidad Católica del Ecuador, Quito},
    year = {2021}
}